@CONFERENCE{jaleeltheobald10,
 AUTHOR={A. Jaleel and K. Theobald and S. Steely and J. Emer},
 TITLE={{High Performance Cache Replacement Using Re-Reference Interval Prediction (RRIP)}},
 BOOKTITLE={Proceedings of ISCA},
 YEAR={2010}
}

@article{belady66,
 author = {L. Belady},
 title = {{A Study of Replacement Algorithms for a Virtual-Storage Computer}},
 journal = {IBM Systems Journal},
 year = {1966},
}
